@InProceedings{conf/cvpr/PassalisTT20,
  title =	"Heterogeneous Knowledge Distillation Using Information
		 Flow Modeling",
  author =	"Nikolaos Passalis and Maria Tzelepi and Anastasios
		 Tefas",
  publisher =	"IEEE",
  year = 	"2020",
  bibdate =	"2020-08-11",
  bibsource =	"DBLP,
		 http://dblp.uni-trier.de/https://doi.org/10.1109/CVPR42600.2020.00241;
		 DBLP,
		 http://dblp.uni-trier.de/db/conf/cvpr/cvpr2020.html#PassalisTT20",
  booktitle =	"CVPR",
  crossref =	"conf/cvpr/2020",
  ISBN = 	"978-1-7281-7168-5",
  pages =	"2336--2345",
}

@Article{journals/corr/abs-2012-03236,
  title =	"Cross-Layer Distillation with Semantic Calibration",
  author =	"Defang Chen and Jian-Ping Mei and Yuan Zhang and Can
		 Wang 0001 and Zhe Wang and Yan Feng and Chun Chen
		 0001",
  journal =	"CoRR",
  year = 	"2020",
  volume =	"abs/2012.03236",
  bibdate =	"2020-12-10",
  bibsource =	"DBLP,
		 http://dblp.uni-trier.de/https://arxiv.org/abs/2012.03236;
		 DBLP,
		 http://dblp.uni-trier.de/db/journals/corr/corr2012.html#abs-2012-03236",
}

@Article{journals/corr/abs-1902-03393,
  title =	"Improved Knowledge Distillation via Teacher Assistant:
		 Bridging the Gap Between Student and Teacher",
  author =	"Seyed-Iman Mirzadeh and Mehrdad Farajtabar and Ang Li
		 and Hassan Ghasemzadeh 0001",
  journal =	"CoRR",
  year = 	"2019",
  volume =	"abs/1902.03393",
  bibdate =	"2020-12-28",
  bibsource =	"DBLP,
		 http://dblp.uni-trier.de/db/journals/corr/corr1902.html#abs-1902-03393",
  URL =  	"http://arxiv.org/abs/1902.03393",
}

@InProceedings{conf/iccv/TungM19,
  title =	"Similarity-Preserving Knowledge Distillation",
  author =	"Frederick Tung and Greg Mori",
  publisher =	"IEEE",
  year = 	"2019",
  bibdate =	"2020-03-05",
  bibsource =	"DBLP,
		 http://dblp.uni-trier.de/https://doi.org/10.1109/ICCV.2019.00145;
		 DBLP,
		 http://dblp.uni-trier.de/db/conf/iccv/iccv2019.html#TungM19",
  booktitle =	"ICCV",
  crossref =	"conf/iccv/2019",
  ISBN = 	"978-1-7281-4803-8",
  pages =	"1365--1374",
}

@InProceedings{journals/corr/RomeroBKCGB14,
  title =	"FitNets: Hints for Thin Deep Nets",
  author =	"Adriana Romero and Nicolas Ballas and Samira Ebrahimi
		 Kahou and Antoine Chassang and Carlo Gatta and Yoshua
		 Bengio",
  bibdate =	"2019-07-25",
  bibsource =	"DBLP,
		 http://dblp.uni-trier.de/db/conf/iclr/iclr2015.html#RomeroBKCGB14",
  booktitle =	"3rd International Conference on Learning
		 Representations, ICLR 2015, San Diego, CA, USA, May
		 7-9, 2015, Conference Track Proceedings",
  year = 	"2015",
  booktitle =	"ICLR",
  editor =	"Yoshua Bengio and Yann LeCun",
  URL =  	"http://arxiv.org/abs/1412.6550",
}

@Article{journals/corr/ZagoruykoK16a,
  title =	"Paying More Attention to Attention: Improving the
		 Performance of Convolutional Neural Networks via
		 Attention Transfer",
  author =	"Sergey Zagoruyko and Nikos Komodakis",
  journal =	"CoRR",
  year = 	"2016",
  volume =	"abs/1612.03928",
  bibdate =	"2018-08-13",
  bibsource =	"DBLP,
		 http://dblp.uni-trier.de/db/journals/corr/corr1612.html#ZagoruykoK16a",
  URL =  	"http://arxiv.org/abs/1612.03928",
}
@Article{journals/corr/HintonVD15,
  title =	"Distilling the Knowledge in a Neural Network",
  author =	"Geoffrey E. Hinton and Oriol Vinyals and Jeffrey
		 Dean",
  journal =	"CoRR",
  year = 	"2015",
  volume =	"abs/1503.02531",
  bibdate =	"2018-08-13",
  bibsource =	"DBLP,
		 http://dblp.uni-trier.de/db/journals/corr/corr1503.html#HintonVD15",
  URL =  	"http://arxiv.org/abs/1503.02531",
}
@InProceedings{conf/cvpr/AhnHDLD19,
  title =	"Variational Information Distillation for Knowledge
		 Transfer",
  author =	"Sungsoo Ahn and Shell Xu Hu and Andreas C. Damianou
		 and Neil D. Lawrence and Zhenwen Dai",
  publisher =	"Computer Vision Foundation / IEEE",
  year = 	"2019",
  bibdate =	"2020-01-20",
  bibsource =	"DBLP,
		 http://dblp.uni-trier.de/https://doi.org/10.1109/CVPR.2019.00938;
		 DBLP,
		 http://dblp.uni-trier.de/db/conf/cvpr/cvpr2019.html#AhnHDLD19",
  booktitle =	"CVPR",
  crossref =	"conf/cvpr/2019",
  pages =	"9163--9171",
  URL =  	"http://openaccess.thecvf.com/CVPR2019.py",
}